<?xml version="1.0" encoding="UTF-8"?><collection xmlns="http://www.loc.gov/MARC21/slim"><record><leader>00372nam--2200145-i-4500</leader><controlfield tag="001">000003792</controlfield><controlfield tag="002">20161230</controlfield><controlfield tag="005">20170210155800</controlfield><controlfield tag="008">060222s1000------------r-----000-0-eng-d</controlfield><datafield ind1=" " ind2=" " tag="100"><subfield code="a">Crug, C. A</subfield></datafield><datafield ind1=" " ind2=" " tag="245"><subfield code="a">Bazele electrotehnicii. Traducere din limba rusa</subfield></datafield><datafield ind1=" " ind2=" " tag="260"><subfield code="a">Bucuresti</subfield><subfield code="b">Editura Tehnica</subfield><subfield code="c">1952</subfield></datafield><datafield ind1=" " ind2=" " tag="300"><subfield code="a">507 p</subfield></datafield><datafield ind1=" " ind2=" " tag="852"><subfield code="a">621.3</subfield></datafield><datafield ind1=" " ind2=" " tag="CAT"><subfield code="a">SYS</subfield><subfield code="c">20170210</subfield><subfield code="h">155800</subfield></datafield></record></collection>